@misc{dblp,
	author = {Michael Ley},
	title = {The DBLP Computer Science Bibliography},
	howpublished = "\url{http://dblp.uni-trier.de/}",
	organization={University of Trier}
}

@article{wright2009mining,
  title={Mining the Web for feelings, not facts},
  author={Wright, A.},
  journal={The New York Times},
  volume={24},
  year={2009}
}

@misc{bing,
	title = {"Bing Beta"},
	howpublished = "\url{http://bing.com}",
	organisation = {Microsoft}
}

@misc{postagger,
	organization = {Stanford University},
	howpublished = "\url{http://nlp.stanford.edu/software/tagger.shtml}",
	author = {Toutanova, K.}
}

@misc{ontoframe,
	howpublished = "\url{http://ontoframe.kr/2008/2008_new/main.jsp}",
	organization = {Korea Institute of Science and Technology Information},
	author = {Hanmin, J. and Yeong, Y.}
}

@inproceedings{beineke2003exploration,
  title={An exploration of sentiment summarization},
  author={Beineke, P. and Hastie, T. and Manning, C. and Vaithyanathan, S.},
  booktitle={Proc. of AAAI},
  pages={12--15},
  year={2003},
  organization={Citeseer}
}

@inproceedings{ding2008holistic,
  title={A holistic lexicon-based approach to opinion mining},
  author={Ding, X. and Liu, B. and Yu, P.S.},
  booktitle={Proceedings of the international conference on Web search and web data mining},
  pages={231--240},
  year={2008},
  organization={ACM}
}

@inproceedings{hatzivassiloglou1997predicting,
  title={Predicting the semantic orientation of adjectives},
  author={Hatzivassiloglou, V. and McKeown, K.R.},
  booktitle={Proceedings of the eighth conference on European chapter of the Association for Computational Linguistics},
  pages={174--181},
  year={1997},
  organization={Association for Computational Linguistics}
}

@inproceedings{choi2005identifying,
  title={Identifying sources of opinions with conditional random fields and extraction patterns},
  author={Choi, Y. and Cardie, C. and Riloff, E. and Patwardhan, S.},
  booktitle={Proceedings of the conference on Human Language Technology and Empirical Methods in Natural Language Processing},
  pages={355--362},
  year={2005},
  organization={Association for Computational Linguistics}
}

@article{ziegler2005propagation,
  title={Propagation models for trust and distrust in social networks},
  author={Ziegler, C.N. and Lausen, G.},
  journal={Information Systems Frontiers},
  volume={7},
  number={4},
  pages={337--358},
  year={2005},
  publisher={Springer}
}

@article{golbeck2006inferring,
  title={Inferring binary trust relationships in web-based social networks},
  author={Golbeck, J. and Hendler, J.},
  journal={ACM Transactions on Internet Technology (TOIT)},
  volume={6},
  number={4},
  pages={497--529},
  year={2006},
  publisher={ACM}
}

@inproceedings{kamvar2003eigentrust,
  title={The eigentrust algorithm for reputation management in p2p networks},
  author={Kamvar, S.D. and Schlosser, M.T. and Garcia-Molina, H.},
  booktitle={Proceedings of the 12th international conference on World Wide Web},
  pages={640--651},
  year={2003},
  organization={ACM}
}

@inproceedings{balog2006finding,
  title={Finding experts and their Details in e-mail corpora},
  author={Balog, K. and de Rijke, M.},
  booktitle={Proceedings of the 15th international conference on World Wide Web},
  pages={1035--1036},
  year={2006},
  organization={ACM}
}

@inproceedings{jung2007finding,
  title={Finding topic-centric identified experts based on full text analysis},
  author={Jung, H. and Lee, M. and Kang, I.S. and Lee, S.W. and Sung, W.K.},
  booktitle={2nd International ExpertFinder Workshop at ISWC},
  year={2007},
  organization={Citeseer}
}

@article{porter1980algorithm,
  title={An algorithm for suffix stripping},
  author={Porter, M.F.},
  journal={Program: electronic library and information systems},
  volume={14},
  number={3},
  pages={130--137},
  year={1980},
  publisher={MCB UP Ltd}
}

@inproceedings{kannan2000clusterings,
  title={On clusterings-good, bad and spectral},
  author={Kannan, R. and Vempala, S. and Veta, A.},
  booktitle={Foundations of Computer Science, 2000. Proceedings. 41st Annual Symposium on},
  pages={367--377},
  year={2000},
  organization={IEEE}
}

@article{karypis1999fast,
  title={A fast and high quality multilevel scheme for partitioning irregular graphs},
  author={Karypis, G. and Kumar, V.},
  journal={SIAM Journal on Scientific Computing},
  volume={20},
  number={1},
  pages={359},
  year={1999},
  publisher={Citeseer}
}

@inproceedings{dhillon2005fast,
  title={A fast kernel-based multilevel algorithm for graph clustering},
  author={Dhillon, I. and Guan, Y. and Kulis, B.},
  booktitle={Proceedings of the eleventh ACM SIGKDD international conference on Knowledge discovery in data mining},
  pages={629--634},
  year={2005},
  organization={ACM}
}

@inproceedings{toutanova2000enriching,
  title={Enriching the knowledge sources used in a maximum entropy part-of-speech tagger},
  author={Toutanova, K. and Manning, C.D.},
  booktitle={Proceedings of the 2000 Joint SIGDAT conference on Empirical methods in natural language processing and very large corpora: held in conjunction with the 38th Annual Meeting of the Association for Computational Linguistics-Volume 13},
  pages={63--70},
  year={2000},
  organization={Association for Computational Linguistics}
}

@inproceedings{toutanova2003feature,
  title={Feature-rich part-of-speech tagging with a cyclic dependency network},
  author={Toutanova, K. and Klein, D. and Manning, C.D. and Singer, Y.},
  booktitle={Proceedings of the 2003 Conference of the North American Chapter of the Association for Computational Linguistics on Human Language Technology-Volume 1},
  pages={173--180},
  year={2003},
  organization={Association for Computational Linguistics}
}

@inproceedings{liu2005finding,
  title={Finding experts in community-based question-answering services},
  author={Liu, X. and Croft, W.B. and Koll, M.},
  booktitle={Proceedings of the 14th ACM international conference on Information and knowledge management},
  pages={315--316},
  year={2005},
  organization={ACM}
}

@inproceedings{mattox1999enterprise,
  title={Enterprise expert and knowledge discovery},
  author={Mattox, D. and Maybury, M. and Morey, D.},
  booktitle={International Conference on Human Computer International (HCI 99)},
  pages={23--27},
  year={1999},
  organization={Citeseer}
}

@inproceedings{zhu2006open,
	title={The Open University at TREC 2006 Enterprise Track Expert Search Task},
	author={Zhu, J. and Song, D. and Rüger, S. and Eisenstadt, M. and Motta, E.},
	booktitle={In Proceedings of the 15th Text REtrieval Conference},
	year={2006}
}

@inproceedings{mei2007topic,
  title={Topic sentiment mixture: modeling facets and opinions in weblogs},
  author={Mei, Q. and Ling, X. and Wondra, M. and Su, H. and Zhai, C.X.},
  booktitle={Proceedings of the 16th international conference on World Wide Web},
  pages={171--180},
  year={2007},
  organization={ACM}
}

@misc{liu2004sentiment,
	author = {Liu, B. and Hu, M.},
	title = {Opinion Mining, Sentiment Analysis, and Opinion Spam Detection},
	howpublished = "\url{http://www.cs.uic.edu/~liub/FBS/sentiment-analysis.html}",
	note = "[Online; accessed 22-November-2010]",
	organization={University of Illinois}
}

@article{saha2006dynamic,
  title={Dynamic algorithm for graph clustering using minimum cut tree},
  author={Saha, B. and Mitra, P.},
  year={2006},
  publisher={IEEE Computer Society}
}

@article{flake2004graph,
  title={Graph clustering and minimum cut trees},
  author={Flake, G.W. and Tarjan, R.E. and Tsioutsiouliklis, K.},
  journal={Internet Mathematics},
  volume={1},
  number={4},
  pages={385--408},
  year={2004},
  publisher={AK Peters}
}

@article{rodrigues2011mpi,
	title={A MPI Implementation of Gusfield’s Algorithm to Generate Cut Trees},
	author={Luiz Antonio Rodrigues},
	year={2011}
}

@article{han2004two,
  title={Two supervised learning approaches for name disambiguation in author citations},
  author={Han, H. and Giles, L. and Zha, H. and Li, C. and Tsioutsiouliklis, K.},
  year={2004},
  publisher={ACM}
}

@inproceedings{vicknair2010comparison,
  title={A comparison of a graph database and a relational database: a data provenance perspective},
  author={Vicknair, C. and Macias, M. and Zhao, Z. and Nan, X. and Chen, Y. and Wilkins, D.},
  booktitle={Proceedings of the 48th Annual Southeast Regional Conference},
  pages={42},
  year={2010},
  organization={ACM}
}