@article{wright2009mining,
  title={Mining the Web for feelings, not facts},
  author={Wright, A.},
  journal={The New York Times},
  volume={24},
  year={2009}
}

@inproceedings{beineke2003exploration,
  title={An exploration of sentiment summarization},
  author={Beineke, P. and Hastie, T. and Manning, C. and Vaithyanathan, S.},
  booktitle={Proc. of AAAI},
  pages={12--15},
  year={2003},
  organization={Citeseer}
}

@inproceedings{hatzivassiloglou1997predicting,
  title={Predicting the semantic orientation of adjectives},
  author={Hatzivassiloglou, V. and McKeown, K.R.},
  booktitle={Proceedings of the eighth conference on European chapter of the Association for Computational Linguistics},
  pages={174--181},
  year={1997},
  organization={Association for Computational Linguistics}
}

@inproceedings{choi2005identifying,
  title={Identifying sources of opinions with conditional random fields and extraction patterns},
  author={Choi, Y. and Cardie, C. and Riloff, E. and Patwardhan, S.},
  booktitle={Proceedings of the conference on Human Language Technology and Empirical Methods in Natural Language Processing},
  pages={355--362},
  year={2005},
  organization={Association for Computational Linguistics}
}

@article{ziegler2005propagation,
  title={Propagation models for trust and distrust in social networks},
  author={Ziegler, C.N. and Lausen, G.},
  journal={Information Systems Frontiers},
  volume={7},
  number={4},
  pages={337--358},
  year={2005},
  publisher={Springer}
}

@article{golbeck2006inferring,
  title={Inferring binary trust relationships in web-based social networks},
  author={Golbeck, J. and Hendler, J.},
  journal={ACM Transactions on Internet Technology (TOIT)},
  volume={6},
  number={4},
  pages={497--529},
  year={2006},
  publisher={ACM}
}

@inproceedings{kamvar2003eigentrust,
  title={The eigentrust algorithm for reputation management in p2p networks},
  author={Kamvar, S.D. and Schlosser, M.T. and Garcia-Molina, H.},
  booktitle={Proceedings of the 12th international conference on World Wide Web},
  pages={640--651},
  year={2003},
  organization={ACM}
}

@inproceedings{balog2006finding,
  title={Finding experts and their Details in e-mail corpora},
  author={Balog, K. and de Rijke, M.},
  booktitle={Proceedings of the 15th international conference on World Wide Web},
  pages={1035--1036},
  year={2006},
  organization={ACM}
}

@inproceedings{jung2007finding,
  title={Finding topic-centric identified experts based on full text analysis},
  author={Jung, H. and Lee, M. and Kang, I.S. and Lee, S.W. and Sung, W.K.},
  booktitle={2nd International ExpertFinder Workshop at ISWC},
  year={2007},
  organization={Citeseer}
}

@article{porter1980algorithm,
  title={An algorithm for suffix stripping},
  author={Porter, M.F.},
  journal={Program: electronic library and information systems},
  volume={14},
  number={3},
  pages={130--137},
  year={1980},
  publisher={MCB UP Ltd}
}

@inproceedings{	,
  title={On clusterings-good, bad and spectral},
  author={Kannan, R. and Vempala, S. and Veta, A.},
  booktitle={Foundations of Computer Science, 2000. Proceedings. 41st Annual Symposium on},
  pages={367--377},
  year={2000},
  organization={IEEE}
}

@article{karypis1999fast,
  title={A fast and high quality multilevel scheme for partitioning irregular graphs},
  author={Karypis, G. and Kumar, V.},
  journal={SIAM Journal on Scientific Computing},
  volume={20},
  number={1},
  pages={359},
  year={1999},
  publisher={Citeseer}
}

@inproceedings{dhillon2005fast,
  title={A fast kernel-based multilevel algorithm for graph clustering},
  author={Dhillon, I. and Guan, Y. and Kulis, B.},
  booktitle={Proceedings of the eleventh ACM SIGKDD international conference on Knowledge discovery in data mining},
  pages={629--634},
  year={2005},
  organization={ACM}
}

@article{flake2004graph,
  title={Graph clustering and minimum cut trees},
  author={Flake, G.W. and Tarjan, R.E. and Tsioutsiouliklis, K.},
  journal={Internet Mathematics},
  volume={1},
  number={4},
  pages={385--408},
  year={2004},
  publisher={AK Peters}
}